<record><leader>00000cas a2200000 i 4500</leader><controlfield tag="001">11258595</controlfield><controlfield tag="008">841012d18681904inuwr ne      0    0eng c</controlfield><datafield ind1=" " ind2=" " tag="010"><subfield code="a">sn 84038232 </subfield></datafield><datafield ind1=" " ind2=" " tag="040"><subfield code="a">NPX</subfield><subfield code="b">eng</subfield><subfield code="e">rda</subfield><subfield code="c">NPX</subfield><subfield code="d">NPU</subfield><subfield code="d">NPI</subfield><subfield code="d">MGN</subfield><subfield code="d">OCLCQ</subfield><subfield code="d">IUL</subfield><subfield code="d">OCLCF</subfield></datafield><datafield ind1="1" ind2=" " tag="029"><subfield code="a">AU@</subfield><subfield code="b">000025819735</subfield></datafield><datafield ind1=" " ind2=" " tag="042"><subfield code="a">pcc</subfield></datafield><datafield ind1=" " ind2=" " tag="043"><subfield code="a">n-us-in</subfield></datafield><datafield ind1="0" ind2="0" tag="245"><subfield code="a">Vevay Democrat.</subfield></datafield><datafield ind1=" " ind2="1" tag="264"><subfield code="a">Vevay, Indiana :</subfield><subfield code="b">Edwin H. and C.W. Mead,</subfield><subfield code="c">1868-</subfield></datafield><datafield ind1=" " ind2=" " tag="300"><subfield code="a">volumes :</subfield><subfield code="b">illustrations ;</subfield><subfield code="c">54-72 cm</subfield></datafield><datafield ind1=" " ind2=" " tag="310"><subfield code="a">Weekly</subfield></datafield><datafield ind1=" " ind2=" " tag="336"><subfield code="a">text</subfield><subfield code="b">txt</subfield><subfield code="2">rdacontent</subfield></datafield><datafield ind1=" " ind2=" " tag="337"><subfield code="a">unmediated</subfield><subfield code="b">n</subfield><subfield code="2">rdamedia</subfield></datafield><datafield ind1=" " ind2=" " tag="338"><subfield code="a">volume</subfield><subfield code="b">nc</subfield><subfield code="2">rdacarrier</subfield></datafield><datafield ind1="0" ind2=" " tag="362"><subfield code="a">Vol. 1, number 1 (October 22, 1868)-</subfield></datafield><datafield ind1="1" ind2=" " tag="362"><subfield code="a">Ceased in 1904. Cf. Miller, John W. Ind. newspaper bibl.</subfield></datafield><datafield ind1=" " ind2=" " tag="500"><subfield code="a">Publishers: Thomas D. Wright &amp; Sons, 1868-1875; Irwin Armstrong, 1875-1882; Philip Hartford and F.J. Dalmazzo, 1882-1884; Philip Hartford, 1884-&lt;1894&gt;; John F. Patton, &lt;1896&gt;-1896; John P. Carter, 1896-&lt;1900&gt;; Edwin H. and C.W. Mead, &lt;1900&gt; Cf. Miller.</subfield></datafield><datafield ind1=" " ind2=" " tag="500"><subfield code="a">Illustrations: Views of the Centennial Exposition, May 20, 1876; "Illustrated special edition" featuring people and places of interest in Vevay, Jan. 1898.</subfield></datafield><datafield ind1=" " ind2=" " tag="500"><subfield code="a">Democratic.</subfield></datafield><datafield ind1=" " ind2=" " tag="500"><subfield code="a">Title from masthead</subfield></datafield><datafield ind1=" " ind2=" " tag="580"><subfield code="a">Daily ed.: Daily bulletin, 1875-6.</subfield></datafield><datafield ind1=" " ind2=" " tag="588"><subfield code="a">Latest issue consulted: vol. XXVIII, no. 51 (September 9, 1896); U.S. Newspaper Archive (viewed Aug. 3, 2017).</subfield></datafield><datafield ind1=" " ind2="0" tag="651"><subfield code="a">Vevay (Ind.)</subfield><subfield code="v">Newspapers.</subfield></datafield><datafield ind1=" " ind2="0" tag="651"><subfield code="a">Switzerland County (Ind.)</subfield><subfield code="v">Newspapers.</subfield></datafield><datafield ind1=" " ind2="7" tag="651"><subfield code="a">Indiana</subfield><subfield code="z">Switzerland County.</subfield><subfield code="2">fast</subfield><subfield code="0">(OCoLC)fst01228481</subfield></datafield><datafield ind1=" " ind2="7" tag="651"><subfield code="a">Indiana</subfield><subfield code="z">Vevay.</subfield><subfield code="2">fast</subfield><subfield code="0">(OCoLC)fst01257089</subfield></datafield><datafield ind1=" " ind2="7" tag="655"><subfield code="a">Newspapers.</subfield><subfield code="2">fast</subfield><subfield code="0">(OCoLC)fst01423814</subfield></datafield><datafield ind1=" " ind2=" " tag="752"><subfield code="a">United States</subfield><subfield code="b">Indiana</subfield><subfield code="c">Switzerland</subfield><subfield code="d">Vevay.</subfield></datafield><datafield ind1="1" ind2=" " tag="775"><subfield code="t">Daily bulletin (Vevay, Ind.)</subfield><subfield code="w">(DLC)sn 85047726</subfield><subfield code="w">(OCoLC)11829408</subfield></datafield><datafield ind1="0" ind2="7" tag="785"><subfield code="t">Vevay times</subfield><subfield code="w">(DLC)sn 85047725</subfield><subfield code="w">(OCoLC)11828676</subfield></datafield><datafield ind1="0" ind2="7" tag="785"><subfield code="t">Switzerland Democrat</subfield><subfield code="w">(DLC)sn 85047724</subfield><subfield code="w">(OCoLC)11829574</subfield></datafield><datafield ind1="4" ind2="1" tag="856"><subfield code="u">https://access.newspaperarchive.com/us/indiana/vevay/vevay-democrat/</subfield></datafield></record>